@manual{racs5,
    organization    = "Roger sp. z o.o. sp. k.",
    title           = "Przewodnik po systemie RACS 5",
    howpublished    = "\url{https://www.roger.pl/pl/wsparcie/wsparcie-techniczne/zasoby-do-pobrania/cat_view/146-zasoby-do-pobrania/258-foldery.html}",
    note            = "v5.3 (dostęp 20.10.1019)"
}

@manual{bsia2016,
    organization    = "British Security Industry Association",
    title           = "A specifier’s guide to access control systems",
    month           = "Kwiecień",
    year            = "2016"
}

@manual{pkn2002,
    organization    = "Polski Komitet Normalizacyjny",
    title           = "Technika informatyczna. Zabezpieczenia w systemach informatycznych. Terminologia",
    month           = "Marzec",
    year            = "2002"
}

@manual{esp32-ds,
    organization = "Espressif Systems",
    title         = "ESP32 Series Datasheet",
    year          = "2019",
    note          = "Version 3.2"
}

@manual{esp32-wroom32-ds,
    organization = "Espressif Systems",
    title         = "ESP32-WROOM-32D \& ESP32-WROOM-32U Datasheet",
    year          = "2018",
    note          = "Version 1.7"
}

@manual{getting-started,
    organization = "Espressif Systems",
    title         = "ESP32-DevKitC Getting Started Guide",
    year          = "2016",
    note          = "Version 1.3"
}

@manual{esp32-tech-ref-man,
    organization  = "Espressif Systems",
    title         = "ESP32 Technical Reference Manual",
    year          = "2018",
    note          = "Version 4.0"
}

@manual{esp32-api-ref-deep-sleep,
    organization = "Espressif Systems",
    title         = "ESP32 Api Reference, Sleep Modes",
    year          = "2019",
    howpublished  = "\url{https://docs.espressif.com/projects/esp-idf/en/latest/api-reference/system/sleep_modes.html}",
    note          = "(rewizja a45e9985)"
}

@manual{mfrc522-ds,
    organization = "NXP Semiconductors",
    title         = "MDRC522 Product Datasheet",
    year          = "2016",
    note          = "Version 3.9"
}

@misc{esp-idf-rc522,
    author    = "Alija Bobija",
    title     = "C library for interfacing ESP32 with MFRC522 RFID card reader",
    howpublished = "Github",
    year     = "2019",
    month    = "Październik",
    note     = "https://github.com/abobija/esp-idf-rc522 (rewizja 557af67)"
}

@conference{access-system-survey,
    author = "R. S. Divya and Meera Mathew",
    title = "Survey on various door lock access control mechanisms",
    booktitle = "2017 International Conference on circuits Power and Computing Technologies [ICCPCT]",
    year = "2017",
    publisher = "IEEE"
}

@conference{keypad-access-system,
    author = "David C. Poirier and Sarma R. Vishnubhotla",
    title = "A Microprocessor-Controlled Door Lock System",
    booktitle = "IEEE Transactions on Consumer Electronics",
    volume = "36",
    pages = "129 - 136",
    year = "1990",
    publisher = "IEEE"
}

@conference{rfid-access-system-for-university,
    author = "Aqeel-ur-Rehman and Abu Zafar Abbasi and Zubair A. Shaikh ",
    title = "Building A Smart University using RFID Technology",
    booktitle = "2008 International Conference on Computer Science and Software Engineering",
    year = "2008",
    publisher = "IEEE"
}

@article{biometric-system-vulnerabilities,
    author  = "M. Faundez-Zanuy",
    title = "On the vulnerability of biometric security systems",
    journal = "IEEE Aerospace and Electronic Systems Magazine",
    volume = "19",
    pages = "3-8",
    year = "2004",
    month = "Czerwiec",
    publisher = "IEEE"
}

@conference{cryptographic-iot-access-system,
    author = "Muhammad Ahtsham and Huang Yan Yan and Usman Ali",
    title = "IoT Based Door Lock Surveillance System Using Cryptographic Algorithms",
    booktitle = "2019 IEEE 16th International Conference on Networking, Sensing and Control (ICNSC)",
    year = "2019",
    publisher = "IEEE"
}